@online{ZenodoSourceCode,

}


@online{ZenodoNotebook,


}


@article{HobleyLandlab,


}
